@online{eq_of_motion,
    author = "Tobias Brull",
    title = "Equations of motion for an inverted double pendulum on a cart(in generalized coordinates)",
    url  = "https://www3.math.tu-berlin.de/Vorlesungen/SS12/Kontrolltheorie/matlab/inverted_pendulum.pdf",
    addendum = "(accessed: 04.05.2022)",
    keywords = "Controls",
    year={2012}
}